<collection xmlns="http://www.loc.gov/MARC21/slim">
<record>
  <leader>00826nam0a2200193 i 450 </leader>
  <controlfield tag="001">IT\ICCU\CNCE\015034</controlfield>
  <controlfield tag="005">19970101000000.0</controlfield>
  <datafield tag="012" ind1=" " ind2=" ">
    <subfield code="a">eihe ioon o.li domo (C) 1583 (R)</subfield>
    <subfield code="2">fei</subfield>
  </datafield>
  <datafield tag="100" ind1=" " ind2=" ">
    <subfield code="a">19970101d1583        0itac0103    ba</subfield>
  </datafield>
  <datafield tag="101" ind1=" " ind2=" ">
    <subfield code="a">ITA</subfield>
  </datafield>
  <datafield tag="102" ind1=" " ind2=" ">
    <subfield code="a">IT</subfield>
  </datafield>
  <datafield tag="200" ind1="1" ind2=" ">
    <subfield code="a">Compendio del indulgentia plenaria concessa da N. S. Giesu Christo il primo d&apos;Agosto, a prece del serafico p.s. Francesco a tutti quelli che entreranno nella Chiesa di S. Maria de gl&apos;Angioli d&apos;Assisi</subfield>
  </datafield>
  <datafield tag="210" ind1=" " ind2=" ">
    <subfield code="a">In Perugia</subfield>
    <subfield code="c">appresso Pietroiacomo Petrucci</subfield>
    <subfield code="d">1583</subfield>
  </datafield>
  <datafield tag="215" ind1=" " ind2=" ">
    <subfield code="a">\18! c.</subfield>
    <subfield code="d">12ʻ</subfield>
  </datafield>
  <datafield tag="620" ind1=" " ind2=" ">
    <subfield code="a">IT</subfield>
    <subfield code="d">Perugia</subfield>
  </datafield>
  <datafield tag="712" ind1="0" ind2="0">
    <subfield code="a">Petrucci, Pietro Giacomo</subfield>
    <subfield code="3">IT\ICCU\CNCT\000870</subfield>
    <subfield code="4">650</subfield>
  </datafield>
  <datafield tag="791" ind1="0" ind2="0">
    <subfield code="a">Petrutius, Petrusiacobus</subfield>
    <subfield code="3">IT\ICCU\CNCT\002505</subfield>
    <subfield code="z">Petrucci, Pietro Giacomo</subfield>
  </datafield>
  <datafield tag="801" ind1=" " ind2="3">
    <subfield code="a">IT</subfield>
    <subfield code="b">ICCU</subfield>
    <subfield code="c">20201114</subfield>
  </datafield>
  <datafield tag="899" ind1=" " ind2=" ">
    <subfield code="a">Biblioteca universitaria. Padova</subfield>
    <subfield code="1">PD0158</subfield>
    <subfield code="2">PUV 00</subfield>
  </datafield>
</record>
</collection>
